% The entry below contains non-ASCII chars that could not be converted
% to a LaTeX equivalent.
@MISC{Barcelona2015-nr,
  title        = "1 · {PNB-PER} · {NOMENCLATURA} {N{\'A}UTICA} - Escola Port -
                  Aula N{\'a}utica",
  booktitle    = "Escola Port - Aula N{\'a}utica",
  author       = "Barcelona, Escola Port",
  publisher    = "Escola Port",
  month        =  jan,
  year         =  2015,
  howpublished = "\url{https://aulanautica.org/unit/pnb-per-nomenclatura-nautica/}",
  note         = "Accessed: 2023-9-23",
  language     = "es"
}

@BOOK{Mott2006-sn,
  title     = "Applied fluid mechanics",
  author    = "Mott, Robert L",
  publisher = "Pearson Educaci{\'o}n",
  year      =  2006,
  language  = "en"
}

@BOOK{Streeter1991-bb,
  title     = "Mecanica de Los fluidos - 8 edicion",
  author    = "Streeter, Victor and Wylie, E Benjamin",
  publisher = "McGraw-Hill Companies",
  year      =  1991,
  language  = "en"
}

@BOOK{Cengel2018-ms,
  title    = "Mec{\'a}nica de fluidos: fundamentos y aplicaciones",
  author   = "{\c C}engel, Yunus A and Cimbala, John M",
  year     =  2018,
  language = "es"
}

@BOOK{Pytel2012-vt,
  title    = "Ingenier{\'\i}a mec{\'a}nica est{\'a}tica (3a. ed.)",
  author   = "Pytel, Andrew",
  year     =  2012,
  language = "es"
}

@MASTERSTHESIS{Pacheco2023-yg,
  title    = "DISE{\~N}O {DE} {UN} {CASCO} {PARA} {UN} {VEH{\'I}CULO}
              {ACU{\'A}TICO} {ALIMENTADO} {CON} {ENERG{\'I}A} {SOLAR} ({VAES})
              {EN} {LA} {CUENCA} {BAJA} {DEL} {R{\'I}O} {SIN{\'U}},
              {MONTER{\'I}A-C{\'O}RDOBA}",
  author   = "Pacheco, Mauricio Jos{\'e} Ben{\'\i}tez and Bello, C{\'e}sar
              Alexander Silva",
  year     =  2023,
  school   = "UNIVERSIDAD DE C{\'O}RDOBA",
  language = "en"
}